@misc{RFC2119,
  title={RFC 2119: Key words for use in RFCs to Indicate Requirement Levels},
  author={Bradner, Scott},
  year={1997},
  publisher={March}
}

@misc{Nak08,
  title={Bitcoin: A peer-to-peer electronic cash system},
  author={Nakamoto, Satoshi},
  year={2008},
  publisher={Working Paper}
}

@article{Gud19,
  title={A Specification of the Non-Integral Calculations in the Ledger},
  author={Gudemann, Matthias},
  year={2019},
  journal = {Cardano Blog},
  note = {url:https://hydra.iohk.io/build/779843/download/1/non-integer-calculations.pdf (version: 2019-07-09)}, 
  eprint = {https://hydra.iohk.io/build/779843/download/1/non-integer-calculations.pdf}, 
  URL = {https://hydra.iohk.io/build/779843/download/1/non-integer-calculations.pdf} 
  
}

@misc{WZS19,
    title={A Unifying Hybrid Consensus Protocol},
    author={Yulong Wu and Yunfei Zha and Yao Sun},
    year={2019},
    eprint={1906.03251},
    archivePrefix={arXiv},
    primaryClass={cs.CR}
}

@misc{GC19,
  author = {Matthias Güdemann, Jared Corduan and others},
  title = {Cardano Ledger Specs},
  year = {2019},
  publisher = {GitHub},
  journal = {GitHub repository},
  howpublished = {\url{https://github.com/input-output-hk/cardano-ledger-specs/tree/master/shelley/chain-and-ledger/dependencies/non-integer}},
  commit = {5aef73741f82f26d8898ab6d5fad3cb4d77740a8}
}

@misc {Izm19, 
  title = {Cross Platform Floating Point Consistency},
  author = {Izman}, 
  year = {2019},
  howpublished = {Stack Overflow}, 
  note = {url:https://stackoverflow.com/questions/20963419 (version: 2019-07-09)}, 
  eprint = {https://stackoverflow.com/questions/20963419}, 
  URL = {https://stackoverflow.com/questions/20963419} 
}

@misc{Obi06,
  author = {Günter Obiltschnig},
  title = {Cross-Platform Issues With Floating-Point Arithmetics in C++},
  year = {2006},
  publisher = {Applied Informatics Software Engineering GmbH},
  journal = {ACCU Conference 2006},
  howpublished = {\url{https://www.appinf.com/download/FPIssues.pdf}}
}


@misc {Cur19, 
  title = {Cross Platform Floating Point Consistency},
  author = {Old Curmudgeon}, 
  year = {2019},
  howpublished = {Stack Overflow}, 
  note = {url:https://codereview.stackexchange.com/questions/48577/finding-the-nearest-rational-to-a-double-is-there-a-more-efficient-mechanism (version: 2019-07-11)}, 
  eprint = {https://codereview.stackexchange.com/questions/48577/finding-the-nearest-rational-to-a-double-is-there-a-more-efficient-mechanism}, 
  URL = {https://codereview.stackexchange.com/questions/48577/finding-the-nearest-rational-to-a-double-is-there-a-more-efficient-mechanism} 
}

@book{Sch96,
  title={Diophantine approximation},
  author={Schmidt, Wolfgang M},
  volume={785},
  year={1996},
  publisher={Springer Science \& Business Media}
}

@incollection{ER09,
  title={New hardness results for diophantine approximation},
  author={Eisenbrand, Friedrich and Rothvo{\ss}, Thomas},
  booktitle={Approximation, Randomization, and Combinatorial Optimization. Algorithms and Techniques},
  pages={98--110},
  year={2009},
  publisher={Springer}
}

@article{rfc7159,
  title={Rfc 7159: The javascript object notation (json) data interchange format},
  author={Bray, T},
  journal={Internet Engineering Task Force (IETF)},
  year={2014}
}

@misc{Coi18,
  author = {Coinguides},
  title = {Mining pool payment reward structure explained},
  year = {2018},
  publisher = {Coinguides.org},
  journal = {Coinguides.org},
  howpublished = {\url{https://coinguides.org/pps-vs-pplns}}
}

@article{BKK+18,
  title={Reward sharing schemes for stake pools},
  author={Br{\"u}njes, Lars and Kiayias, Aggelos and Koutsoupias, Elias and Stouka, Aikaterini-Panagiota},
  journal={arXiv preprint arXiv:1807.11218},
  year={2018}
}

@article{KBC19,
  title={Engineering Design Specification for Delegation and Incentives in Cardano–Shelley},
  author={Philipp Kant and Lars Brunjes and Duncan Coutts},
  journal={IOHK Blog},
  howpublished = {\url{https://hydra.iohk.io/build/790053/download/1/delegation_design_spec.pdf}},
  year={2019}
}

@article{Goo14,
  title={Tezos—a self-amending crypto-ledger White paper},
  author={Goodman, LM},
  journal={URL: https://www. tezos. com/static/papers/white\_paper. pdf},
  year={2014}
}

@article{RJZ+19,
  title={A Deep Dive into Bitcoin Mining Pools: An Empirical Analysis of Mining Shares},
  author={Romiti, Matteo and Judmayer, Aljosha and Zamyatin, Alexei and Haslhofer, Bernhard},
  journal={arXiv preprint arXiv:1905.05999},
  year={2019}
}

@misc {Cos19, 
  title = {Staking module specification},
  author = {Cosmos}, 
  year = {2019},
  howpublished = {Cosmos SDK Documentation}, 
  note = {url:https://cosmos.network/docs/spec/staking/ (version: 2019-07-18)}, 
  eprint = {https://cosmos.network/docs/spec/staking/}, 
  URL = {https://cosmos.network/docs/spec/staking/} 
}

@misc {ZZW19, 
  title = {Aion-Unity Proof of Concept Report},
  author = {Yunfei Zha, Ge Zhong, and Yulong Wu}, 
  year = {2019},
  howpublished = {Aion Technical Documentation}, 
}

@misc {Ojh19, 
  title = {F1 Fee Distribution},
  author = {Dev Ojha}, 
  year = {2019},
  howpublished = {Cosmos SDK Documentation}, 
  note = {URL:https://github.com/ali-sharif/f1-fee-distribution/blob/master/Ojha19.pdf (version: 2019-01-03)}, 
  eprint = {https://github.com/ali-sharif/f1-fee-distribution/blob/master/Ojha19.pdf}, 
  URL = {https://github.com/ali-sharif/f1-fee-distribution/blob/master/Ojha19.pdf} 
}

@misc {Sha19, 
  title = {F1 toy implementation},
  author = {Ali Sharif}, 
  year = {2019},
  howpublished = {Github}, 
  note = {url:https://github.com/ali-sharif/f1-fee-distribution/ (version: 2019-08-02)}, 
  eprint = {https://github.com/ali-sharif/f1-fee-distribution/}, 
  URL = {https://github.com/ali-sharif/f1-fee-distribution/} 
}

@inproceedings{brown2019formal,
  title={Formal barriers to longest-chain proof-of-stake protocols},
  author={Brown-Cohen, Jonah and Narayanan, Arvind and Psomas, Alexandros and Weinberg, S Matthew},
  booktitle={Proceedings of the 2019 ACM Conference on Economics and Computation},
  pages={459--473},
  year={2019},
  organization={ACM}
}